% This file was created with Citavi 6.8.0.0

@article{C..24.05.2020,
 abstract = {Unsere Experten verraten Ihnen Statistiken und Fakten {\"u}ber Malware, damit Sie sich vorbereiten und diese Bedrohungen zuk{\"u}nftig vermeiden k{\"o}nnen. Einschlie{\ss}lich Grafiken und Tabellen.},
 author = {C., Eric},
 year = {24.05.2020},
 title = {Ransomware Fakten, Trends {\&} Statistiken 2021},
 url = {https://de.safetydetectives.com/blog/ransomware-fakten-trends-statistiken/},
 urldate = {03.05.2021},
 journal = {Safety Detectives}
}


